[gd_scene load_steps=17 format=2]

[ext_resource path="res://Player.gd" type="Script" id=1]
[ext_resource path="res://materials/Black.tres" type="Material" id=2]
[ext_resource path="res://Environment.tres" type="Environment" id=3]
[ext_resource path="res://player/Gun.tscn" type="PackedScene" id=4]
[ext_resource path="res://player/InvertGravity.tres" type="Animation" id=5]
[ext_resource path="res://player/Wind.ogg" type="AudioStream" id=6]
[ext_resource path="res://player/Camera.gd" type="Script" id=7]
[ext_resource path="res://player/CameraRayCast.gd" type="Script" id=8]
[ext_resource path="res://player/FovFilter.shader" type="Shader" id=9]

[sub_resource type="CapsuleShape" id=1]
margin = 0.06
radius = 0.5
height = 0.6

[sub_resource type="CapsuleMesh" id=2]
radius = 0.5
mid_height = 0.675

[sub_resource type="CubeMesh" id=3]
size = Vector3( 0.5, 0.5, 0.5 )

[sub_resource type="QuadMesh" id=4]
size = Vector2( 3.2, 2 )

[sub_resource type="ShaderMaterial" id=5]
shader = ExtResource( 9 )

[sub_resource type="StyleBoxFlat" id=6]
bg_color = Color( 1, 1, 1, 1 )

[sub_resource type="StyleBoxFlat" id=7]
bg_color = Color( 0, 0, 0, 1 )
expand_margin_left = 10.0
expand_margin_right = 10.0
expand_margin_top = 10.0
expand_margin_bottom = 10.0

[node name="Player" type="KinematicBody"]
collision_layer = 3
collision_mask = 3
collision/safe_margin = 0.01
script = ExtResource( 1 )

[node name="CollisionShape" type="CollisionShape" parent="."]
transform = Transform( -4.37114e-08, -1, -4.37114e-08, 0, -4.37114e-08, 1, -1, 4.37114e-08, 1.91069e-15, -4.77351e-08, 0.833413, 0 )
shape = SubResource( 1 )

[node name="Body" type="MeshInstance" parent="."]
transform = Transform( -4.37114e-08, -1, -4.37114e-08, 0, -4.37114e-08, 1, -1, 4.37114e-08, 1.91069e-15, -4.71572e-08, 0.840024, 2.08657e-15 )
material_override = ExtResource( 2 )
mesh = SubResource( 2 )
material/0 = ExtResource( 2 )

[node name="wind_sound" type="AudioStreamPlayer3D" parent="Body"]
transform = Transform( -5.46392e-08, -3.65173e-21, 1.25, 1.25, -5.46392e-08, 5.46392e-08, 5.46392e-08, 1.25, 2.38836e-15, 1.27055e-21, 1.52891e-08, -0.349775 )
stream = ExtResource( 6 )

[node name="Neck" type="Spatial" parent="."]
transform = Transform( 0.999874, 0.0158469, 0, -0.0158469, 0.999874, 0, 0, 0, 1, 0, 1.11081, 0 )

[node name="Head" type="MeshInstance" parent="Neck"]
transform = Transform( 1, 0, 0, 0, 1, 8.35186e-23, 0, -8.35186e-23, 1, 0, 0.939388, -0.002 )
mesh = SubResource( 3 )
material/0 = null

[node name="Gun" parent="Neck" instance=ExtResource( 4 )]
transform = Transform( -0.985033, -0.172359, -8.60946e-08, -0.16974, 0.970069, -0.173648, 0.0299299, -0.171049, -0.984808, 0.58374, 0.154264, -0.500809 )

[node name="RayCast" type="RayCast" parent="."]
transform = Transform( 1, 0, 0, 0, 0.976296, 0.21644, 0, -0.21644, 0.976296, 0.418359, 1.81445, 0.473298 )
enabled = true
exclude_parent = false
cast_to = Vector3( 0, 0, 7 )
script = ExtResource( 8 )

[node name="Camera" type="Camera" parent="RayCast"]
transform = Transform( 1, 0, 0, 0, 1, 0, 0, 0, 1, 0, 0, 7 )
environment = ExtResource( 3 )
current = true
fov = 50.0
size = 10.0
near = 1.0
far = 50.0
script = ExtResource( 7 )

[node name="FlashLight" type="SpotLight" parent="RayCast/Camera"]
transform = Transform( 1, 0, 0, 0, 1, 4.17594e-23, 0, -4.17594e-23, 1, 0, 0, 0 )
light_energy = 0.13
shadow_bias = 0.5
spot_range = 50.0
spot_angle = 57.0

[node name="fov-filter" type="MeshInstance" parent="RayCast/Camera"]
transform = Transform( 1, 0, 0, 0, 1, 0, 0, 0, 1, 0, -2.38419e-07, -0.00538588 )
mesh = SubResource( 4 )
material/0 = SubResource( 5 )

[node name="HUD" type="Control" parent="."]
visible = false
margin_right = 40.0
margin_bottom = 40.0
__meta__ = {
"_edit_use_anchors_": false
}

[node name="HealthPoints" type="ProgressBar" parent="HUD"]
margin_left = 31.0
margin_top = 29.667
margin_right = 252.0
margin_bottom = 50.667
custom_styles/fg = SubResource( 6 )
custom_styles/bg = SubResource( 7 )
max_value = 5.0
step = 1.0
value = 5.0
rounded = true
percent_visible = false
__meta__ = {
"_edit_use_anchors_": false
}

[node name="Animator" type="AnimationPlayer" parent="."]
anims/InvertGravity = ExtResource( 5 )
